@ARTICLE{toonenetal17-1,
   author = {{Toonen}, S. and {Hollands}, M. and {G{\"a}nsicke}, B.~T. and 
	{Boekholt}, T.},
    title = {The binarity of the local white dwarf population},
  journal = {\aap},
     year = 2017,
    month = feb,
   volume = 602,
    pages = {A16},
      doi = {10.1051/0004-6361/201629978},
   adsurl = {https://ui.adsabs.harvard.edu/abs/2017A&A...602A..16T},
}

@ARTICLE{Land92,
       author = {{Landstreet}, J.~D.},
        title = "{Magnetic fields at the surfaces of stars}",
      journal = {\aapr},
     keywords = {A Stars, Magnetic Stars, Peculiar Stars, Stellar Activity, Stellar Magnetic Fields, White Dwarf Stars, B Stars, Cool Stars, Magnetic Field Configurations, Starspots, Stellar Models, Astrophysics, Magnetic field \&mdash, Stars, activity of \&mdash, magnetic field \&mdash, peculiar A \&mdash, white dwarf},
         year = 1992,
        month = jun,
       volume = {4},
       number = {1},
        pages = {35-77},
          doi = {10.1007/BF00873569},
       adsurl = {https://ui.adsabs.harvard.edu/abs/1992A&ARv...4...35L},
      adsnote = {Provided by the SAO/NASA Astrophysics Data System}
}

@ARTICLE{Gaiadr2,
       author = {{Gaia Collaboration}},
        title = "{VizieR Online Data Catalog: Gaia DR2 (Gaia Collaboration, 2018)}",
      journal = {VizieR Online Data Catalog},
     keywords = {Gaia},
         year = 2018,
        month = apr,
          eid = {I/345},
        pages = {I/345},
       adsurl = {https://ui.adsabs.harvard.edu/abs/2018yCat.1345....0G},
      adsnote = {Provided by the SAO/NASA Astrophysics Data System}
}

@ARTICLE{Foster.etal:12,
       author = {{Foster}, A.~R. and {Ji}, L. and {Smith}, R.~K. and {Brickhouse}, N.~S.},
        title = "{Updated Atomic Data and Calculations for X-Ray Spectroscopy}",
      journal = {\apj},
     keywords = {atomic data, atomic processes, X-rays: general, Astrophysics - High Energy Astrophysical Phenomena, Astrophysics - Instrumentation and Methods for Astrophysics, Astrophysics - Solar and Stellar Astrophysics},
         year = 2012,
        month = sep,
       volume = {756},
       number = {2},
          eid = {128},
        pages = {128},
          doi = {10.1088/0004-637X/756/2/128},
archivePrefix = {arXiv},
       eprint = {1207.0576},
 primaryClass = {astro-ph.HE},
       adsurl = {https://ui-adsabs-harvard-edu.ezp-prod1.hul.harvard.edu/abs/2012ApJ...756..128F},
      adsnote = {Provided by the SAO/NASA Astrophysics Data System}
}

@ARTICLE{Gudennavar.etal:12,
       author = {{Gudennavar}, S.~B. and {Bubbly}, S.~G. and {Preethi}, K. and {Murthy}, Jayant},
        title = "{A Compilation of Interstellar Column Densities}",
      journal = {\apjs},
     keywords = {dust, extinction, ISM: abundances, ISM: clouds},
         year = 2012,
        month = mar,
       volume = {199},
       number = {1},
          eid = {8},
        pages = {8},
          doi = {10.1088/0067-0049/199/1/8},
       adsurl = {https://ui-adsabs-harvard-edu.ezp-prod1.hul.harvard.edu/abs/2012ApJS..199....8G},
      adsnote = {Provided by the SAO/NASA Astrophysics Data System}
}

@ARTICLE{Linsky.etal:19,
       author = {{Linsky}, Jeffrey L. and {Redfield}, Seth and {Tilipman}, Dennis},
        title = "{The Interface between the Outer Heliosphere and the Inner Local ISM: Morphology of the Local Interstellar Cloud, Its Hydrogen Hole, Str{\"o}mgren Shells, and $^{60}$Fe Accretion}",
      journal = {\apj},
     keywords = {Heliosphere, Astrospheres interstellar medium interactions, Interstellar medium, Photoionization, Stromgren spheres, Interstellar clouds, Interstellar dust, 711, 106, 847, 2060, 1642, 834, 836, Astrophysics - Solar and Stellar Astrophysics, Astrophysics - Astrophysics of Galaxies},
         year = 2019,
        month = nov,
       volume = {886},
       number = {1},
          eid = {41},
        pages = {41},
          doi = {10.3847/1538-4357/ab498a},
archivePrefix = {arXiv},
       eprint = {1910.01243},
 primaryClass = {astro-ph.SR},
       adsurl = {https://ui-adsabs-harvard-edu.ezp-prod1.hul.harvard.edu/abs/2019ApJ...886...41L},
      adsnote = {Provided by the SAO/NASA Astrophysics Data System}
}

@ARTICLE{Pecaut.Mamajek:13,
       author = {{Pecaut}, Mark J. and {Mamajek}, Eric E.},
        title = "{Intrinsic Colors, Temperatures, and Bolometric Corrections of Pre-main-sequence Stars}",
      journal = {\apjs},
     keywords = {open clusters and associations: individual: {\ensuremath{\eta}} Cha cluster TW Hydra Association {\ensuremath{\beta}} Pic Moving Group Tucana-Horologium Association, stars: fundamental parameters, stars: pre-main sequence, Astrophysics - Solar and Stellar Astrophysics},
         year = 2013,
        month = sep,
       volume = {208},
       number = {1},
          eid = {9},
        pages = {9},
          doi = {10.1088/0067-0049/208/1/9},
archivePrefix = {arXiv},
       eprint = {1307.2657},
 primaryClass = {astro-ph.SR},
       adsurl = {https://ui-adsabs-harvard-edu.ezp-prod1.hul.harvard.edu/abs/2013ApJS..208....9P},
      adsnote = {Provided by the SAO/NASA Astrophysics Data System}
}

@ARTICLE{Wargelin.Drake:02,
       author = {{Wargelin}, Bradford J. and {Drake}, Jeremy J.},
        title = "{Stringent X-Ray Constraints on Mass Loss from Proxima Centauri}",
      journal = {\apj},
     keywords = {Stars: Coronae, Stars: Individual: Constellation Name: Proxima Centauri, Stars: Late-Type, Stars: Mass Loss, X-Rays: Stars},
         year = 2002,
        month = oct,
       volume = {578},
       number = {1},
        pages = {503-514},
          doi = {10.1086/342270},
       adsurl = {https://ui-adsabs-harvard-edu.ezp-prod1.hul.harvard.edu/abs/2002ApJ...578..503W},
      adsnote = {Provided by the SAO/NASA Astrophysics Data System}
}

@INPROCEEDINGS{Wood:18,
       author = {{Wood}, Brian E.},
        title = "{Implications of Recent Stellar Wind Measurements}",
     keywords = {Astrophysics - Solar and Stellar Astrophysics},
    booktitle = {Journal of Physics Conference Series},
         year = 2018,
       series = {Journal of Physics Conference Series},
       volume = {1100},
        month = oct,
          eid = {012028},
        pages = {012028},
          doi = {10.1088/1742-6596/1100/1/012028},
archivePrefix = {arXiv},
       eprint = {1809.01109},
 primaryClass = {astro-ph.SR},
       adsurl = {https://ui.adsabs.harvard.edu/abs/2018JPhCS1100a2028W},
      adsnote = {Provided by the SAO/NASA Astrophysics Data System}
}

@ARTICLE{Wright.etal:11,
       author = {{Wright}, Nicholas J. and {Drake}, Jeremy J. and {Mamajek}, Eric E. and {Henry}, Gregory W.},
        title = "{The Stellar-activity-Rotation Relationship and the Evolution of Stellar Dynamos}",
      journal = {\apj},
     keywords = {stars: activity, stars: coronae, stars: evolution, stars: late-type, stars: magnetic field, stars: rotation, X-rays: stars, Astrophysics - Solar and Stellar Astrophysics},
         year = 2011,
        month = dec,
       volume = {743},
       number = {1},
          eid = {48},
        pages = {48},
          doi = {10.1088/0004-637X/743/1/48},
archivePrefix = {arXiv},
       eprint = {1109.4634},
 primaryClass = {astro-ph.SR},
       adsurl = {https://ui.adsabs.harvard.edu/abs/2011ApJ...743...48W},
      adsnote = {Provided by the SAO/NASA Astrophysics Data System}
}

