@ARTICLE{inightetal21-1,
       author = {{Inight}, K. and {G{\"a}nsicke}, Boris T. and
                  {Breedt}, E. and {Marsh}, T.~R. and {Pala},
                  A.~F. and {Raddi}, R.},
        title = "{Towards a volumetric census of close white dwarf
                  binaries - I. Reference samples}",
      journal = mn,
         year = 2021,
        month = jun,
       volume = {504},
       number = {2},
        pages = {2420-2442},
          doi = {10.1093/mnras/stab753},
       adsurl = {https://ui.adsabs.harvard.edu/abs/2021MNRAS.504.2420I},
}
@ARTICLE{bloemenetal13-1,
   author = {{Bloemen}, S. and {Steeghs}, D. and {De Smedt}, K. and
                  {Vos}, J. and {G{\"a}nsicke}, B.~T. and {Marsh},
                  T.~R. and {Rodriguez-Gil}, P.  },
    title = {Remarkable spectral variability on the spin period of the
                  accreting white dwarf in V455 And},
  journal = mn,
   eprint = {1212.3331},
     year = 2013,
    month = mar,
   volume = 429,
    pages = {3433-3438},
      doi = {10.1093/mnras/sts622},
   adsurl = {https://ui.adsabs.harvard.edu/abs/2013MNRAS.429.3433B},
}
